@techreport{verizon2023,
  author      = {Verizon},
  institution = {Verizon Business},
  title       = {Summary of Findings},
  year        = {2023}
}

@article{marett2009effectiveness,
  title={The effectiveness of deceptive tactics in phishing},
  author={Marett, Kent and Wright, Ryan},
  year={2009}
}

@inproceedings{chandrasekaran2006phoney,
  title={Phoney: Mimicking user response to detect phishing attacks},
  author={Chandrasekaran, Madhusudhanan and Chinchani, Ramkumar and Upadhyaya, Shambhu},
  booktitle={2006 International Symposium on a World of Wireless, Mobile and Multimedia Networks (WoWMoM'06)},
  pages={5--pp},
  year={2006},
  organization={IEEE}
}

@article{jain2022survey,
  title={A survey of phishing attack techniques, defence mechanisms and open research challenges},
  author={Jain, Ankit Kumar and Gupta, BB},
  journal={Enterprise Information Systems},
  volume={16},
  number={4},
  pages={527--565},
  year={2022},
  publisher={Taylor \& Francis}
}

@article{ribeiro2016model,
  title={Model-agnostic interpretability of machine learning},
  author={Ribeiro, Marco Tulio and Singh, Sameer and Guestrin, Carlos},
  journal={arXiv preprint arXiv:1606.05386},
  year={2016}
}

@article{lundberg2017unified,
  title={A unified approach to interpreting model predictions},
  author={Lundberg, Scott},
  journal={arXiv preprint arXiv:1705.07874},
  year={2017}
}

@inproceedings{hernandes2021phishing,
  title={Phishing detection using URL-based XAI techniques},
  author={Hernandes, Paulo R Galego and Floret, Camila P and De Almeida, Katia F Cardozo and Da Silva, Vin{\'\i}cius Camargo and Papa, Jo{\~a}o Paulo and Da Costa, Kelton A Pontara},
  booktitle={2021 IEEE Symposium Series on Computational Intelligence (SSCI)},
  pages={01--06},
  year={2021},
  organization={IEEE}
}

@inproceedings{chandrasekaran2006phishing,
  title={Phishing email detection based on structural properties},
  author={Chandrasekaran, Madhusudhanan and Narayanan, Krishnan and Upadhyaya, Shambhu},
  booktitle={NYS cyber security conference},
  volume={3},
  pages={2--8},
  year={2006},
  organization={Albany, NY}
}

@article{almujahid2024comparative,
  title={Comparative evaluation of machine learning algorithms for phishing site detection},
  author={Almujahid, Noura Fahad and Haq, Mohd Anul and Alshehri, Mohammed},
  journal={PeerJ Computer Science},
  volume={10},
  pages={e2131},
  year={2024},
  publisher={PeerJ Inc.}
}

@article{patil2015survey,
  title={Survey on malicious web pages detection techniques},
  author={Patil, Dharmaraj Rajaram and Patil, JB and others},
  journal={International Journal of u-and e-Service, Science and Technology},
  volume={8},
  number={5},
  pages={195--206},
  year={2015},
  publisher={NADIA}
}

@inproceedings{verma2015character,
  title={On the character of phishing URLs: Accurate and robust statistical learning classifiers},
  author={Verma, Rakesh and Dyer, Keith},
  booktitle={Proceedings of the 5th ACM Conference on Data and Application Security and Privacy},
  pages={111--122},
  year={2015}
}

@article{islam2013multi,
  title={A multi-tier phishing detection and filtering approach},
  author={Islam, Rafiqul and Abawajy, Jemal},
  journal={Journal of Network and Computer Applications},
  volume={36},
  number={1},
  pages={324--335},
  year={2013},
  publisher={Elsevier}
}

@article{almousa2022phishing,
  title={Phishing website detection: How effective are deep learning-based models and hyperparameter optimization?},
  author={Almousa, May and Zhang, Tianyang and Sarrafzadeh, Abdolhossein and Anwar, Mohd},
  journal={Security and Privacy},
  volume={5},
  number={6},
  pages={e256},
  year={2022},
  publisher={Wiley Online Library}
}

@inproceedings{bahnsen2017classifying,
  title={Classifying phishing URLs using recurrent neural networks},
  author={Bahnsen, Alejandro Correa and Bohorquez, Eduardo Contreras and Villegas, Sergio and Vargas, Javier and Gonz{\'a}lez, Fabio A},
  booktitle={2017 APWG symposium on electronic crime research (eCrime)},
  pages={1--8},
  year={2017},
  organization={IEEE}
}

@article{zhang2012phishing,
  title={Phishing detection using neural network},
  author={Zhang, Ningxia and Yuan, Yongqing},
  journal={CS229 lecture notes},
  volume={301},
  year={2012}
}

@article{wang2019pdrcnn,
  title={PDRCNN: Precise phishing detection with recurrent convolutional neural networks},
  author={Wang, Weiping and Zhang, Feng and Luo, Xi and Zhang, Shigeng},
  journal={Security and Communication Networks},
  volume={2019},
  number={1},
  pages={2595794},
  year={2019},
  publisher={Wiley Online Library}
}

@article{jamal2023improved,
  title={An improved transformer-based model for detecting phishing, spam, and ham: A large language model approach},
  author={Jamal, Suhaima and Wimmer, Hayden},
  journal={arXiv preprint arXiv:2311.04913},
  year={2023}
}

@inproceedings{carlini2017adversarial,
  title={Adversarial examples are not easily detected: Bypassing ten detection methods},
  author={Carlini, Nicholas and Wagner, David},
  booktitle={Proceedings of the 10th ACM workshop on artificial intelligence and security},
  pages={3--14},
  year={2017}
}

@article{bountakas2023helphed,
  title={Helphed: Hybrid ensemble learning phishing email detection},
  author={Bountakas, Panagiotis and Xenakis, Christos},
  journal={Journal of network and computer applications},
  volume={210},
  pages={103545},
  year={2023},
  publisher={Elsevier}
}

@phdthesis{verma2022classification,
  title={Classification of Spoofing Attack Detection using Deep Learning Algorithms},
  author={Verma, Shreya},
  year={2022},
  school={Dublin, National College of Ireland}
}

@article{das2019sok,
  title={SoK: a comprehensive reexamination of phishing research from the security perspective},
  author={Das, Avisha and Baki, Shahryar and El Aassal, Ayman and Verma, Rakesh and Dunbar, Arthur},
  journal={IEEE Communications Surveys \& Tutorials},
  volume={22},
  number={1},
  pages={671--708},
  year={2019},
  publisher={IEEE}
}

@article{doshi2017towards,
  title={Towards a rigorous science of interpretable machine learning},
  author={Doshi-Velez, Finale and Kim, Been},
  journal={arXiv preprint arXiv:1702.08608},
  year={2017}
}

@article{guidotti2018survey,
  title={A survey of methods for explaining black box models},
  author={Guidotti, Riccardo and Monreale, Anna and Ruggieri, Salvatore and Turini, Franco and Giannotti, Fosca and Pedreschi, Dino},
  journal={ACM computing surveys (CSUR)},
  volume={51},
  number={5},
  pages={1--42},
  year={2018},
  publisher={ACM New York, NY, USA}
}

@article{sahoo2017malicious,
  title={Malicious URL detection using machine learning: A survey},
  author={Sahoo, Doyen and Liu, Chenghao and Hoi, Steven CH},
  journal={arXiv preprint arXiv:1701.07179},
  year={2017}
}

@article{blagus2013smote,
  title={SMOTE for high-dimensional class-imbalanced data},
  author={Blagus, Rok and Lusa, Lara},
  journal={BMC bioinformatics},
  volume={14},
  pages={1--16},
  year={2013},
  publisher={Springer}
}

@inproceedings{qachfar2022leveraging,
  title={Leveraging synthetic data and pu learning for phishing email detection},
  author={Qachfar, Fatima Zahra and Verma, Rakesh M and Mukherjee, Arjun},
  booktitle={Proceedings of the twelfth ACM conference on data and application security and privacy},
  pages={29--40},
  year={2022}
}

@article{abiodun2019comprehensive,
  title={Comprehensive review of artificial neural network applications to pattern recognition},
  author={Abiodun, Oludare Isaac and Jantan, Aman and Omolara, Abiodun Esther and Dada, Kemi Victoria and Umar, Abubakar Malah and Linus, Okafor Uchenwa and Arshad, Humaira and Kazaure, Abdullahi Aminu and Gana, Usman and Kiru, Muhammad Ubale},
  journal={IEEE access},
  volume={7},
  pages={158820--158846},
  year={2019},
  publisher={IEEE}
}

@inproceedings{hadi2024adaptive,
  title={Adaptive hybrid learning for advanced phishing detection},
  author={Hadi, Mohannad Hossain and Al-Saedi, Karim Hashim},
  booktitle={AIP Conference Proceedings},
  volume={3207},
  number={1},
  year={2024},
  organization={AIP Publishing}
}

